<?xml version="1.0" encoding="UTF-8"?><collection xmlns="http://www.loc.gov/MARC21/slim"><record><leader>00638nam--2200193-i-4500</leader><controlfield tag="001">000013710</controlfield><controlfield tag="002">20161230</controlfield><controlfield tag="005">20161230201030</controlfield><controlfield tag="008">060222s1000------------r-----000-0-eng-d</controlfield><datafield ind1=" " ind2=" " tag="020"><subfield code="a">0855014873</subfield></datafield><datafield ind1=" " ind2=" " tag="040"><subfield code="a">IFIN-HH</subfield></datafield><datafield ind1=" " ind2=" " tag="080"><subfield code="a">535.338(061.3):535.243</subfield></datafield><datafield ind1="1" ind2=" " tag="100"><subfield code="a">Kirkbright, G.F</subfield></datafield><datafield ind1="1" ind2="0" tag="245"><subfield code="a">Xxi colloquium spectroscopicum internationale. 8th international conference on atomic spectroscopy, cambridge, july 1-6, 1979. keynote lecture. g.f.kirkbright (scientific programme chairman)</subfield></datafield><datafield ind1=" " ind2=" " tag="260"><subfield code="a">RHEINE</subfield><subfield code="b">Heyden</subfield><subfield code="c">1979</subfield></datafield><datafield ind1=" " ind2=" " tag="300"><subfield code="a">X+275P</subfield></datafield><datafield ind1=" " ind2=" " tag="490"><subfield code="a">Keynote Lecture</subfield></datafield><datafield ind1=" " ind2=" " tag="852"><subfield code="a">49266</subfield><subfield code="c">535.33</subfield></datafield><datafield ind1=" " ind2=" " tag="CAT"><subfield code="a">Sys</subfield><subfield code="c">20101216</subfield><subfield code="h">141858</subfield></datafield></record></collection>